@inproceedings{Yan2010,
  doi = {10.1109/digitel.2010.49},
  url = {https://doi.org/10.1109/digitel.2010.49},
  year = {2010},
  month = apr,
  publisher = {{IEEE}},
  author = {Clara Hui Chung Yan and Frankie Tam},
  title = {Learning Chinese History through Digital Game},
  booktitle = {2010 Third {IEEE} International Conference on Digital Game and Intelligent Toy Enhanced Learning}
}

@inproceedings{Yue2017,
  doi = {10.1109/icalt.2017.69},
  url = {https://doi.org/10.1109/icalt.2017.69},
  year = {2017},
  month = jul,
  publisher = {{IEEE}},
  author = {Wong Seng Yue and Chong Yee Ying},
  title = {The Evaluation Study of Gamification Approach in Malaysian History Learning via Mobile Game Application},
  booktitle = {2017 {IEEE} 17th International Conference on Advanced Learning Technologies ({ICALT})}
}

@inproceedings{Fendt2019,
  doi = {10.1109/cig.2019.8847968},
  url = {https://doi.org/10.1109/cig.2019.8847968},
  year = {2019},
  month = aug,
  publisher = {{IEEE}},
  author = {Matthew William Fendt and Eric Ames},
  title = {Using Learning Games to Teach Texas Civil War History to Public Middle School Students},
  booktitle = {2019 {IEEE} Conference on Games ({CoG})}
}

@article{Rahimi2020,
  doi = {10.1109/tg.2019.2954880},
  url = {https://doi.org/10.1109/tg.2019.2954880},
  year = {2020},
  month = sep,
  publisher = {Institute of Electrical and Electronics Engineers ({IEEE})},
  volume = {12},
  number = {3},
  pages = {312--322},
  author = {Farzan Baradaran Rahimi and Beaumie Kim and Richard M. Levy and Jeffrey E. Boyd},
  title = {A Game Design Plot: Exploring the Educational Potential of History-Based Video Games},
  journal = {{IEEE} Transactions on Games}
}

@inproceedings{Ymran2017,
  doi = {10.1109/icice.2017.8479194},
  url = {https://doi.org/10.1109/icice.2017.8479194},
  year = {2017},
  month = nov,
  publisher = {{IEEE}},
  author = {Fatih Ymran and Oyeleke Akeem and Sun Yi},
  title = {Gamification Design in a History E-Learning Context},
  booktitle = {2017 International Conference on Information,  Communication and Engineering ({ICICE})}
}